@online{WikipediaUserInterface,
author = {Wikipedia},
title = {Grafische Benutzeroberfl√§che},
year = {2016},
note = {\url{https://de.wikipedia.org/wiki/Grafische_Benutzeroberfl%C3%A4che}}
},
@online{OSMQuadTiles,
author = {OpenStreetMap},
title = {QuadTiles},
year = {2016},
note = {\url{http://wiki.openstreetmap.org/wiki/QuadTiles}}
}